@ARTICLE{2023FrASS...9.8405T,
       author = {{Tarr}, Lucas A. and {Kobelski}, Adam R. and {Jaeggli}, Sarah A. and {Molnar}, Momchil and {Cauzzi}, Gianna and {Reardon}, Kevin P.},
        title = "{Spatio-temporal comparisons of the hydrogen-alpha line width and ALMA 3 mm brightness temperature in the weak solar network}",
      journal = {Frontiers in Astronomy and Space Sciences},
     keywords = {Astrophysics - Solar and Stellar Astrophysics},
         year = 2023,
        month = jan,
       volume = {9},
          eid = {978405},
        pages = {978405},
          doi = {10.3389/fspas.2022.978405},
archivePrefix = {arXiv},
       eprint = {2301.02725},
 primaryClass = {astro-ph.SR},
       adsurl = {https://ui.adsabs.harvard.edu/abs/2023FrASS...9.8405T},
      adsnote = {Provided by the SAO/NASA Astrophysics Data System}
}

@ARTICLE{2022A&A...664A...8M,
       author = {{Morosin}, R. and {de la Cruz Rodr{\'\i}guez}, J. and {D{\'\i}az Baso}, C.~J. and {Leenaarts}, J.},
        title = "{Spatio-temporal analysis of chromospheric heating in a plage region}",
      journal = {\aap},
     keywords = {polarization, Sun: chromosphere, Sun: faculae, plages, Astrophysics - Solar and Stellar Astrophysics},
         year = 2022,
        month = aug,
       volume = {664},
          eid = {A8},
        pages = {A8},
          doi = {10.1051/0004-6361/202243461},
archivePrefix = {arXiv},
       eprint = {2203.01688},
 primaryClass = {astro-ph.SR},
       adsurl = {https://ui.adsabs.harvard.edu/abs/2022A&A...664A...8M},
      adsnote = {Provided by the SAO/NASA Astrophysics Data System}
}

@ARTICLE{2022ApJ...933..244H,
       author = {{Hofmann}, Ryan A. and {Reardon}, Kevin P. and {Milic}, Ivan and {Molnar}, Momchil E. and {Chai}, Yi and {Uitenbroek}, Han},
        title = "{Evaluating Non-LTE Spectral Inversions with ALMA and IBIS}",
      journal = {\apj},
     keywords = {Solar chromosphere, Millimeter astronomy, Solar atmosphere, Radiative transfer, 1479, 1061, 1477, 1335, Astrophysics - Solar and Stellar Astrophysics},
         year = 2022,
        month = jul,
       volume = {933},
       number = {2},
          eid = {244},
        pages = {244},
          doi = {10.3847/1538-4357/ac6f00},
archivePrefix = {arXiv},
       eprint = {2205.08760},
 primaryClass = {astro-ph.SR},
       adsurl = {https://ui.adsabs.harvard.edu/abs/2022ApJ...933..244H},
      adsnote = {Provided by the SAO/NASA Astrophysics Data System}
}

@ARTICLE{2021A&A...647A.188D,
       author = {{D{\'\i}az Baso}, C.~J. and {de la Cruz Rodr{\'\i}guez}, J. and {Leenaarts}, J.},
        title = "{An observationally constrained model of strong magnetic reconnection in the solar chromosphere. Atmospheric stratification and estimates of heating rates}",
      journal = {\aap},
     keywords = {Sun: chromosphere, Sun: magnetic fields, magnetic reconnection, Sun: activity, Sun: atmosphere, Astrophysics - Solar and Stellar Astrophysics, Physics - Plasma Physics},
         year = 2021,
        month = mar,
       volume = {647},
          eid = {A188},
        pages = {A188},
          doi = {10.1051/0004-6361/202040111},
archivePrefix = {arXiv},
       eprint = {2012.06229},
 primaryClass = {astro-ph.SR},
       adsurl = {https://ui.adsabs.harvard.edu/abs/2021A&A...647A.188D},
      adsnote = {Provided by the SAO/NASA Astrophysics Data System}
}

@ARTICLE{2019ApJ...881...99M,
       author = {{Molnar}, Momchil E. and {Reardon}, Kevin P. and {Chai}, Yi and {Gary}, Dale and {Uitenbroek}, Han and {Cauzzi}, Gianna and {Cranmer}, Steven R.},
        title = "{Solar Chromospheric Temperature Diagnostics: A Joint ALMA-H{\ensuremath{\alpha}} Analysis}",
      journal = {\apj},
     keywords = {millimeter astronomy, quiet solar chromosphere, radiative transfer, solar chromosphere, solar chromospheric heating, solar radio emission, 1061, 1986, 1335, 1479, 1987, 1522, Astrophysics - Solar and Stellar Astrophysics},
         year = 2019,
        month = aug,
       volume = {881},
       number = {2},
          eid = {99},
        pages = {99},
          doi = {10.3847/1538-4357/ab2ba3},
archivePrefix = {arXiv},
       eprint = {1906.08896},
 primaryClass = {astro-ph.SR},
       adsurl = {https://ui.adsabs.harvard.edu/abs/2019ApJ...881...99M},
      adsnote = {Provided by the SAO/NASA Astrophysics Data System}
}

@ARTICLE{2018A&A...612A..28L,
       author = {{Leenaarts}, Jorrit and {de la Cruz Rodr{\'\i}guez}, Jaime and {Danilovic}, Sanja and {Scharmer}, G{\"o}ran and {Carlsson}, Mats},
        title = "{Chromospheric heating during flux emergence in the solar atmosphere}",
      journal = {\aap},
     keywords = {Sun: atmosphere, Sun: chromosphere, Sun: magnetic fields, Astrophysics - Solar and Stellar Astrophysics},
         year = 2018,
        month = apr,
       volume = {612},
          eid = {A28},
        pages = {A28},
          doi = {10.1051/0004-6361/201732027},
archivePrefix = {arXiv},
       eprint = {1712.00474},
 primaryClass = {astro-ph.SR},
       adsurl = {https://ui.adsabs.harvard.edu/abs/2018A&A...612A..28L},
      adsnote = {Provided by the SAO/NASA Astrophysics Data System}
}

@ARTICLE{2013Entrp..15.3007A,
       author = {{Aschwanden}, Markus and {De Pontieu}, Bart and {Katrukha}, Eugene},
        title = "{Optimization of Curvilinear Tracing Applied to Solar Physics and Biophysics}",
      journal = {Entropy},
     keywords = {Astrophysics - Solar and Stellar Astrophysics},
         year = 2013,
        month = jul,
       volume = {15},
       number = {8},
        pages = {3007-3030},
          doi = {10.3390/e15083007},
archivePrefix = {arXiv},
       eprint = {1307.5046},
 primaryClass = {astro-ph.SR},
       adsurl = {https://ui.adsabs.harvard.edu/abs/2013Entrp..15.3007A},
      adsnote = {Provided by the SAO/NASA Astrophysics Data System}
}

@ARTICLE{2012SSRv..169..181T,
       author = {{Tsiropoula}, G. and {Tziotziou}, K. and {Kontogiannis}, I. and {Madjarska}, M.~S. and {Doyle}, J.~G. and {Suematsu}, Y.},
        title = "{Solar Fine-Scale Structures. I. Spicules and Other Small-Scale, Jet-Like Events at the Chromospheric Level: Observations and Physical Parameters}",
      journal = {\ssr},
     keywords = {Sun, Chromosphere, Spicules, Jet-like structures, Small-scale events, Physical parameters, Astrophysics - Solar and Stellar Astrophysics},
         year = 2012,
        month = sep,
       volume = {169},
       number = {1-4},
        pages = {181-244},
          doi = {10.1007/s11214-012-9920-2},
archivePrefix = {arXiv},
       eprint = {1207.3956},
 primaryClass = {astro-ph.SR},
       adsurl = {https://ui.adsabs.harvard.edu/abs/2012SSRv..169..181T},
      adsnote = {Provided by the SAO/NASA Astrophysics Data System}
}

@ARTICLE{2009A&A...503..577C,
       author = {{Cauzzi}, G. and {Reardon}, K. and {Rutten}, R.~J. and {Tritschler}, A. and {Uitenbroek}, H.},
        title = "{The solar chromosphere at high resolution with IBIS. IV. Dual-line evidence of heating in chromospheric network}",
      journal = {\aap},
     keywords = {Sun: photosphere, Sun: chromosphere, Sun: magnetic fields, Sun: faculae, plages, Astrophysics - Solar and Stellar Astrophysics},
         year = 2009,
        month = aug,
       volume = {503},
       number = {2},
        pages = {577-587},
          doi = {10.1051/0004-6361/200811595},
archivePrefix = {arXiv},
       eprint = {0906.2083},
 primaryClass = {astro-ph.SR},
       adsurl = {https://ui.adsabs.harvard.edu/abs/2009A&A...503..577C},
      adsnote = {Provided by the SAO/NASA Astrophysics Data System}
}

@INPROCEEDINGS{2006ASPC..354..276R,
       author = {{Rutten}, R.~J.},
        title = "{On the Nature of the Solar Chromosphere}",
     keywords = {Astrophysics},
    booktitle = {Solar MHD Theory and Observations: A High Spatial Resolution Perspective},
         year = 2006,
       editor = {{Leibacher}, John and {Stein}, Robert F. and {Uitenbroek}, Han},
       series = {Astronomical Society of the Pacific Conference Series},
       volume = {354},
        month = dec,
        pages = {276},
          doi = {10.48550/arXiv.astro-ph/0701379},
archivePrefix = {arXiv},
       eprint = {astro-ph/0701379},
 primaryClass = {astro-ph},
       adsurl = {https://ui.adsabs.harvard.edu/abs/2006ASPC..354..276R},
      adsnote = {Provided by the SAO/NASA Astrophysics Data System}
}

@ARTICLE{2006ApJ...647L..73H,
       author = {{Hansteen}, V.~H. and {De Pontieu}, B. and {Rouppe van der Voort}, L. and {van Noort}, M. and {Carlsson}, M.},
        title = "{Dynamic Fibrils Are Driven by Magnetoacoustic Shocks}",
      journal = {\apjl},
     keywords = {Magnetic Fields, Sun: Chromosphere, Sun: Photosphere, Astrophysics},
         year = 2006,
        month = aug,
       volume = {647},
       number = {1},
        pages = {L73-L76},
          doi = {10.1086/507452},
archivePrefix = {arXiv},
       eprint = {astro-ph/0607332},
 primaryClass = {astro-ph},
       adsurl = {https://ui.adsabs.harvard.edu/abs/2006ApJ...647L..73H},
      adsnote = {Provided by the SAO/NASA Astrophysics Data System}
}

@ARTICLE{2006SoPh..236..415C,
       author = {{Cavallini}, F.},
        title = "{IBIS: A New Post-Focus Instrument for Solar Imaging Spectroscopy}",
      journal = {\solphys},
     keywords = {Equivalent Width, Ghost Image, Entrance Pupil, National Solar Observatory, Folding Mirror},
         year = 2006,
        month = jul,
       volume = {236},
       number = {2},
        pages = {415-439},
          doi = {10.1007/s11207-006-0103-8},
       adsurl = {https://ui.adsabs.harvard.edu/abs/2006SoPh..236..415C},
      adsnote = {Provided by the SAO/NASA Astrophysics Data System}
}

@ARTICLE{1993A&A...271..574T,
       author = {{Tsiropoula}, G. and {Alissandrakis}, C.~E. and {Schmieder}, B.},
        title = "{The fine structure of a chromospheric rosette}",
      journal = {\aap},
     keywords = {lines: profile, sun: chromosphere},
         year = 1993,
        month = apr,
       volume = {271},
        pages = {574},
       adsurl = {https://ui.adsabs.harvard.edu/abs/1993A&A...271..574T},
      adsnote = {Provided by the SAO/NASA Astrophysics Data System}
}

@ARTICLE{1981ApJS...45..635V,
       author = {{Vernazza}, J.~E. and {Avrett}, E.~H. and {Loeser}, R.},
        title = "{Structure of the solar chromosphere. III. Models of the EUV brightness components of the quiet sun.}",
      journal = {\apjs},
     keywords = {Atmospheric Models, Brightness Temperature, Chromosphere, Extreme Ultraviolet Radiation, Nonequilibrium Thermodynamics, Radiative Heat Transfer, Solar Atmosphere, Ultraviolet Spectra, Atmospheric Heating, Atomic Energy Levels, Carbon, Graphs (Charts), Hydrogen Atoms, Iron, Lyman Spectra, Solar Temperature, Tables (Data), Solar Physics},
         year = 1981,
        month = apr,
       volume = {45},
        pages = {635-725},
          doi = {10.1086/190731},
       adsurl = {https://ui.adsabs.harvard.edu/abs/1981ApJS...45..635V},
      adsnote = {Provided by the SAO/NASA Astrophysics Data System}
}

@ARTICLE{1977ARA&A..15..363W,
       author = {{Withbroe}, G.~L. and {Noyes}, R.~W.},
        title = "{Mass and energy flow in the solar chromosphere and corona.}",
      journal = {\araa},
     keywords = {Chromosphere, Energy Dissipation, Mass Flow, Solar Atmosphere, Solar Corona, Solar Magnetic Field, Atmospheric Boundary Layer, Atmospheric Heating, Bibliographies, Magnetic Field Configurations, Solar Temperature, Spicules, Stellar Models, Ultraviolet Spectra, Solar Physics},
         year = 1977,
        month = jan,
       volume = {15},
        pages = {363-387},
          doi = {10.1146/annurev.aa.15.090177.002051},
       adsurl = {https://ui.adsabs.harvard.edu/abs/1977ARA&A..15..363W},
      adsnote = {Provided by the SAO/NASA Astrophysics Data System}
}

@ARTICLE{1968SoPh....3..367B,
       author = {{Beckers}, J.~M.},
        title = "{Solar Spicules (Invited Review Paper)}",
      journal = {\solphys},
     keywords = {Magnetic Field, Temperature Behaviour, Solar Disk, Actual Diffusion, Group Behaviour},
         year = 1968,
        month = mar,
       volume = {3},
       number = {3},
        pages = {367-433},
          doi = {10.1007/BF00171614},
       adsurl = {https://ui.adsabs.harvard.edu/abs/1968SoPh....3..367B},
      adsnote = {Provided by the SAO/NASA Astrophysics Data System}
}

@article{1986CaJh,
      author = {Canny, John},
      year = {1986},
      month = {12},
      pages = {679 - 698},
      title = {A Computational Approach To Edge Detection},
      volume = {PAMI-8},
      isbn = {9780080515816},
      journal = {Pattern Analysis and Machine Intelligence, IEEE Transactions on},
      doi = {10.1109/TPAMI.1986.4767851}
}
